<collection xmlns="http://www.loc.gov/MARC21/slim">
<record>
  <leader>01134nam0a22002411i 450 </leader>
  <controlfield tag="001">IT\ICCU\CNCE\045020</controlfield>
  <controlfield tag="005">19990121000000.0</controlfield>
  <datafield tag="012" ind1=" " ind2=" ">
    <subfield code="a">s.ni r:o- o-i- motu (3) 1582 (A)</subfield>
    <subfield code="2">fei</subfield>
  </datafield>
  <datafield tag="100" ind1=" " ind2=" ">
    <subfield code="a">19990120d1582        0itac0103    ba</subfield>
  </datafield>
  <datafield tag="101" ind1=" " ind2=" ">
    <subfield code="a">LAT</subfield>
  </datafield>
  <datafield tag="102" ind1=" " ind2=" ">
    <subfield code="a">IT</subfield>
  </datafield>
  <datafield tag="200" ind1="1" ind2=" ">
    <subfield code="a">℗Aug. Hunnaei ℗De sacramentis ecclesiae Christi axiomata ...</subfield>
  </datafield>
  <datafield tag="210" ind1=" " ind2=" ">
    <subfield code="a">Augustae Taurinorum</subfield>
    <subfield code="c">apud haeres Nicolai Beuilaquae</subfield>
    <subfield code="d">1582</subfield>
  </datafield>
  <datafield tag="215" ind1=" " ind2=" ">
    <subfield code="a">18, \2! p.</subfield>
    <subfield code="d">fol</subfield>
  </datafield>
  <datafield tag="300" ind1=" " ind2=" ">
    <subfield code="a">((Iniziali inc. - Rom., cor. - Segn.: A10</subfield>
  </datafield>
  <datafield tag="620" ind1=" " ind2=" ">
    <subfield code="a">IT</subfield>
    <subfield code="d">Torino</subfield>
  </datafield>
  <datafield tag="700" ind1=" " ind2="1">
    <subfield code="a">Hunnaeus,</subfield>
    <subfield code="b">Augustinus</subfield>
    <subfield code="3">IT\ICCU\CNCA\006529</subfield>
  </datafield>
  <datafield tag="712" ind1="0" ind2="0">
    <subfield code="a">Bevilacqua, Niccol ̣- eredi</subfield>
    <subfield code="3">IT\ICCU\CNCT\000513</subfield>
    <subfield code="4">650</subfield>
  </datafield>
  <datafield tag="790" ind1=" " ind2="1">
    <subfield code="a">Hunaeus,</subfield>
    <subfield code="b">Augustinus</subfield>
    <subfield code="3">IT\ICCU\CNCA\014450</subfield>
    <subfield code="z">Hunnaeus, Augustinus</subfield>
  </datafield>
  <datafield tag="801" ind1=" " ind2="3">
    <subfield code="a">IT</subfield>
    <subfield code="b">ICCU</subfield>
    <subfield code="c">20201114</subfield>
  </datafield>
  <datafield tag="899" ind1=" " ind2=" ">
    <subfield code="a">Biblioteca Labronica Francesco Domenico Guerrazzi. Livorno</subfield>
    <subfield code="1">LI0011</subfield>
    <subfield code="2">LIA FA</subfield>
  </datafield>
  <datafield tag="911" ind1=" " ind2=" ">
    <subfield code="a">Al front.</subfield>
    <subfield code="9">IT\ICCU\CNCM\000254</subfield>
  </datafield>
  <datafield tag="921" ind1=" " ind2=" ">
    <subfield code="a">IT\ICCU\CNCM\000254</subfield>
    <subfield code="b">Toro scalciante esce da una nuvola. Stelle sul corpo che rappresentano la costellazione del Toro. In cornice figurata</subfield>
    <subfield code="e">Mi coelestis origo.</subfield>
    <subfield code="c">Z1165</subfield>
    <subfield code="d">Dimensioni: 14 x 18</subfield>
    <subfield code="f">MICOELESTI</subfield>
    <subfield code="f">NUVOLA</subfield>
    <subfield code="f">STELLE</subfield>
    <subfield code="f">TORO</subfield>
    <subfield code="g">1573-1582</subfield>
  </datafield>
</record>
</collection>
